@book{warner,
  title={Foundations of Differentiable Manifolds and Lie Groups},
  author={Warner, F.W.},
  isbn={9780387908946},
  lccn={83012395},
  series={Graduate Texts in Mathematics},
  url={https://books.google.it/books?id=iaeUqc2yQVQC},
  year={1983},
  publisher={Springer}
}
